@article{djukova1996algebraic,
  title={Об алгебро-логическом синтезе корректных процедур распознавания на базе элементарных алгоритмов},
  author={Дюкова, Е. В. and Журавлёв, Ю. И. and Рудаков, К. В.},
  journal={Журнал вычислительной математики и математической физики},
  volume={36},
  number={8},
  pages={217--225},
  year={1996}
}

@article{djukova2023logical,
  title={Логические методы корректной классификации данных},
  author={Дюкова, Е. В. and Масляков, Г. О. and Дюкова, А. П.},
  journal={Информатика и её применения},
  volume={17},
  number={3},
  pages={64--70},
  year={2023}
}

@inproceedings{djukova2013logical,
  title={Logical correctors in recognition problems},
  author={Djukova, E. V. and Lyubimtseva, M. M. and Prokofjev, P. A.},
  booktitle={11th International Conference on Pattern Recognition and Image Analysis: New Information Technologies (PRIA-11-2013)},
  volume={1},
  pages={82--83},
  year={2013},
  organization={IPSI RAS}
}

@article{zhuravlev1978algebraic,
  title={Об алгебраическом подходе к решению задач распознавания или классификации},
  author={Журавлёв, Ю. И.},
  journal={Проблемы кибернетики},
  volume={33},
  pages={5--68},
  year={1978}
}

@article{djukova2019logical,
  title={О логическом анализе данных с частичными порядками в задаче классификации по прецедентам},
  author={Дюкова, Е. В. and Масляков, Г. О. and Прокофьев, П. А.},
  journal={Журнал вычислительной математики и математической физики},
  volume={59},
  number={9},
  pages={1605--1616},
  year={2019}
}

@article{genrikhov2025classification,
  title={Классификация по прецедентам: новые модели логических корректоров},
  author={Генрихов, И. Е. and Дюкова, Е. В.},
  journal={Известия РАН. Теория и системы управления},
  number={1},
  pages={63--72},
  year={2025}
}

@article{djukova2015asymptotically,
  title={Об асимптотически оптимальных алгоритмах дуализации},
  author={Дюкова, Е. В. and Прокофьев, П. А.},
  journal={Журнал вычислительной математики и математической физики},
  volume={55},
  number={5},
  pages={895--910},
  year={2015}
}

@article{sotnezov2009genetic,
  title={Genetic Algorithms for Problems of Logical Data Analysis in Discrete Optimization and Image Recognition},
  author={Sotnezov, R. M.},
  journal={Pattern Recognition and Image Analysis},
  volume={19},
  number={3},
  year={2009}
}

@article{djukova2011construction,
  title={Construction of an Ensemble of Logical Correctors on the Basis of Elementary Classifiers},
  author={Djukova, E. V. and Zhuravlev, Yu. I. and Sotnezov, R. M.},
  journal={Pattern Recognition and Image Analysis},
  volume={21},
  number={4},
  pages={584--587},
  year={2011},
  doi={10.1134/S1054661811040055}
}

@article{ablameiko2014practical,
  title={Практические алгоритмы алгебраической и логической коррекции в задачах распознавания по прецедентам},
  author={Абламейко, С. В. and Бирюков, А. С. and Докукин, А. А. and Дьяконов, А. Г. and Журавлев, Ю. И. and Краснопрошин, В. В. and Образцов, В. А. and Романов, М. Ю. and Рязанов, В. В.},
  journal={Журнал вычислительной математики и математической физики},
  volume={54},
  number={12},
  pages={1979--1993},
  year={2014}
}

@article{vorontsov2000optimization,
  title={Оптимизационные методы линейной и монотонной коррекции в алгебраическом подходе к проблеме распознавания},
  author={Воронцов, К. В.},
  journal={Журнал вычислительной математики и математической физики},
  volume={40},
  number={1},
  pages={166--176},
  year={2000}
}

@book{flach2015machine,
  title={Машинное обучение. Наука и искусство построения алгоритмов, которые извлекают знания из данных},
  author={Флах, П.},
  year={2015},
  publisher={МДК Пресс},
  address={М.},
  pages={400}
}

@inbook{vaintsvaig1973cora,
  title={Алгоритм обучения распознаванию образов "Кора"},
  author={Вайнцвайг, М. Н.},
  booktitle={Алгоритмы обучения распознаванию образов},
  pages={82--89},
  year={1973},
  publisher={Сов. радио},
  address={М.}
}

@article{djukova1982asymptotically,
  title={Асимптотически оптимальные тестовые алгоритмы в задачах распознавания},
  author={Дюкова, Е. В.},
  journal={Проблемы кибернетики},
  volume={39},
  pages={165--169},
  year={1982}
}

@article{djukova2004complexity,
  title={О сложности реализации дискретных (логических) процедур распознавания},
  author={Дюкова, Е. В.},
  journal={Журнал вычислительной математики и математической физики},
  volume={44},
  number={3},
  pages={562--572},
  year={2004}
}

@article{djukova2000discrete,
  title={Дискретный анализ признаковых описаний в задачах распознавания большой размерности},
  author={Дюкова, Е. В. and Журавлев, Ю. И.},
  journal={Журнал вычислительной математики и математической физики},
  volume={40},
  number={8},
  pages={1264--1278},
  year={2000}
}

@article{djukova2008asymptotically,
  title={Асимптотически оптимальное построение тупиковых покрытий целочисленной матрицы},
  author={Дюкова, Е. В. and Инякин, А. С.},
  journal={Математические вопросы кибернетики},
  volume={17},
  pages={235--246},
  year={2008}
}

@article{baskakova1981model,
  title={Модель распознающих алгоритмов с представительными наборами и системами опорных множеств},
  author={Баскакова, Л. В. and Журавлёв, Ю. И.},
  journal={Журнал вычислительной математики и математической физики},
  volume={21},
  number={5},
  pages={1264--1275},
  year={1981}
}

@article{djukova2021choice,
  title={О выборе частичных порядков на множествах значений признаков в задаче классификации},
  author={Дюкова, Е. В. and Масляков, Г. О.},
  journal={Информатика и её применения},
  volume={15},
  number={4},
  pages={72--78},
  year={2021},
  doi={10.14357/19922264210410}
}